<?xml version="1.0" encoding="UTF-8"?>
<marc:collection xmlns:marc="http://www.loc.gov/MARC21/slim" xmlns:xsi="http://www.w3.org/2001/XMLSchema-instance" xsi:schemaLocation="http://www.loc.gov/MARC21/slim http://www.loc.gov/standards/marcxml/schema/MARC21slim.xsd">
   <marc:record type="Bibliographic">
      <marc:leader>03939cam a2200493 a 4500</marc:leader>
      <marc:controlfield tag="001">484474</marc:controlfield>
      <marc:controlfield tag="003">NjP</marc:controlfield>
      <marc:controlfield tag="005">20140801102645.0</marc:controlfield>
      <marc:controlfield tag="008">880205s1954    ua            000 0 ara d</marc:controlfield>
      <marc:datafield tag="024" ind1="7" ind2=" ">
         <marc:subfield code="a">princeton_aco000268</marc:subfield>
         <marc:subfield code="2">local</marc:subfield>
      </marc:datafield>
      <marc:datafield tag="035" ind1=" " ind2=" ">
         <marc:subfield code="a">(OCoLC)ocn175611373</marc:subfield>
      </marc:datafield>
      <marc:datafield tag="035" ind1=" " ind2=" ">
         <marc:subfield code="a">(OCoLC)23700239</marc:subfield>
      </marc:datafield>
      <marc:datafield tag="040" ind1=" " ind2=" ">
         <marc:subfield code="a">NjP</marc:subfield>
         <marc:subfield code="c">PUL</marc:subfield>
         <marc:subfield code="d">PUL</marc:subfield>
      </marc:datafield>
      <marc:datafield tag="035" ind1=" " ind2=" ">
         <marc:subfield code="a">(OCoLC)175611373</marc:subfield>
      </marc:datafield>
      <marc:datafield tag="035" ind1=" " ind2=" ">
         <marc:subfield code="a">(CStRLIN)NJPG88-B6234</marc:subfield>
      </marc:datafield>
      <marc:datafield tag="035" ind1=" " ind2=" ">
         <marc:subfield code="9">ACG0182TS</marc:subfield>
      </marc:datafield>
      <marc:datafield tag="035" ind1=" " ind2=" ">
         <marc:subfield code="a">(NjP)484474</marc:subfield>
      </marc:datafield>
      <marc:datafield tag="079" ind1=" " ind2=" ">
         <marc:subfield code="a">ocm23700239</marc:subfield>
      </marc:datafield>
      <marc:datafield tag="049" ind1=" " ind2=" ">
         <marc:subfield code="a">PULL</marc:subfield>
      </marc:datafield>
      <marc:datafield tag="100" ind1="1" ind2=" ">
         <marc:subfield code="6">880-01</marc:subfield>
         <marc:subfield code="a">Ibn al-Qāṣiḥ, ʻAlī ibn ʻUthmān,</marc:subfield>
         <marc:subfield code="d">1316 or 1317-1398 or 1399.</marc:subfield>
      </marc:datafield>
      <marc:datafield tag="245" ind1="1" ind2="0">
         <marc:subfield code="6">880-02</marc:subfield>
         <marc:subfield code="a">Sirāj al-qāriʼ al-mubtadiʼ wa-tidhkār al-muqriʼ al-muntahī :</marc:subfield>
         <marc:subfield code="b">sharḥ manẓūmat Ḥirz al-amānī wa-wajh al-tahānī li-Abī Muḥammad ibn Fīrrā ibn Abī al-Qāsim ibn Khalaf ibn Aḥmad al-Ruʻaynī al-Andalusī al-Shāṭibī /</marc:subfield>
         <marc:subfield code="c">taʼlīf Abī al-Qāsim ʻAlī ibn ʻUthmān ibn Muḥammad ibn Aḥmad ibn al-Ḥasan al-Qāṣiḥ al-ʻUdhrī al-Baghdādī.  Wa-bi-dhayl ṣaḥāʼifihi Mukhtaṣar Bulūgh al-umnīyah / sharḥ ʻAlī Muḥammad al-Ḍabbāʻ ʻalá Naẓm taḥrīr masāʼil al-Shāṭibīyah lil-shaykh Ḥasan Khalaf al-Ḥusaynī.  Wa-bi-al-hāmish Ghayth al-nafʻ fī al-qirāʼāt al-sabʻ / li-walī Allāh ʻAlī al-Nūrī al-Ṣafāqisī.</marc:subfield>
      </marc:datafield>
      <marc:datafield tag="250" ind1=" " ind2=" ">
         <marc:subfield code="6">880-03</marc:subfield>
         <marc:subfield code="a">al-Ṭabʻah 3.</marc:subfield>
      </marc:datafield>
      <marc:datafield tag="260" ind1=" " ind2=" ">
         <marc:subfield code="6">880-04</marc:subfield>
         <marc:subfield code="a">Miṣr :</marc:subfield>
         <marc:subfield code="b">Sharikat Maktabah wa-Maṭbaʻat Muṣṭafá al-Bābī al-Ḥalabī,</marc:subfield>
         <marc:subfield code="c">1954.</marc:subfield>
      </marc:datafield>
      <marc:datafield tag="300" ind1=" " ind2=" ">
         <marc:subfield code="a">420 p. ;</marc:subfield>
         <marc:subfield code="c">29 cm.</marc:subfield>
      </marc:datafield>
      <marc:datafield tag="600" ind1="1" ind2="0">
         <marc:subfield code="6">880-05</marc:subfield>
         <marc:subfield code="a">Shāṭibī, al-Qāsim ibn Firruh,</marc:subfield>
         <marc:subfield code="d">1144-1194.</marc:subfield>
         <marc:subfield code="t">Ḥirz al-amānī wa-wajh al-tahānī.</marc:subfield>
      </marc:datafield>
      <marc:datafield tag="600" ind1="1" ind2="0">
         <marc:subfield code="6">880-06</marc:subfield>
         <marc:subfield code="a">Muqriʼ, Ḥasan Khalaf al-Ḥusaynī.</marc:subfield>
         <marc:subfield code="t">Naẓm taḥrīr masāʼil al-Shāṭibīyah.</marc:subfield>
      </marc:datafield>
      <marc:datafield tag="630" ind1="0" ind2="0">
         <marc:subfield code="a">Koran</marc:subfield>
         <marc:subfield code="x">Readings</marc:subfield>
         <marc:subfield code="x">Early works to 1800.</marc:subfield>
      </marc:datafield>
      <marc:datafield tag="700" ind1="1" ind2="2">
         <marc:subfield code="6">880-07</marc:subfield>
         <marc:subfield code="a">Nūrī al-Ṣafāqisī, ʻAlī ibn Muḥammad,</marc:subfield>
         <marc:subfield code="d">approximately 1643-1706.</marc:subfield>
         <marc:subfield code="t">Ghayth al-nafʻ fī al-qirāʼāt al-sabʻ.</marc:subfield>
      </marc:datafield>
      <marc:datafield tag="700" ind1="1" ind2=" ">
         <marc:subfield code="6">880-08</marc:subfield>
         <marc:subfield code="a">Ḍabbāʻ, ʻAlī Muḥammad.</marc:subfield>
         <marc:subfield code="t">Mukhtaṣar Bulūgh al-umnīyah.</marc:subfield>
      </marc:datafield>
      <marc:datafield tag="740" ind1="0" ind2=" ">
         <marc:subfield code="6">880-09</marc:subfield>
         <marc:subfield code="a">Mukhtaṣar Bulūgh al-umnīyah.</marc:subfield>
      </marc:datafield>
      <marc:datafield tag="740" ind1="0" ind2=" ">
         <marc:subfield code="6">880-10</marc:subfield>
         <marc:subfield code="a">Ghayth al-nafʻ fī al-qirāʼāt al-sabʻ.</marc:subfield>
      </marc:datafield>
      <marc:datafield tag="880" ind1="1" ind2=" ">
         <marc:subfield code="6">100-01/r</marc:subfield>
         <marc:subfield code="a">ابن القاصح، علي بن عثمان،</marc:subfield>
         <marc:subfield code="d">1316 or 1317-1398 or 1399.</marc:subfield>
      </marc:datafield>
      <marc:datafield tag="880" ind1="1" ind2="0">
         <marc:subfield code="6">245-02/r</marc:subfield>
         <marc:subfield code="a">سراج القارئ المبتدئ وتذكار المقرئ المنتهي :</marc:subfield>
         <marc:subfield code="b">شرح منظومة حرز الاماني ووجه التهاني لابي محمد بن فيرا بن ابي القاسم بن خلف بن احمد الرعيني الاندلسي الشاطبي /</marc:subfield>
         <marc:subfield code="c">تأليف ابي القاسم علي بن عثمان بن محمد بن احمد بن الحسن القاصح العذري البغدادي.  وبذيل صحائفه مختصر بلوغ الامنية / شرح علي محمد الضباع على نظم تحرير مسائل الشاطبية للشيخ حسن خلف الحسيني.  وبالهامش غيث النفع في القراءات السبع / لولي الله علي النوري الصفاقسي.</marc:subfield>
      </marc:datafield>
      <marc:datafield tag="880" ind1=" " ind2=" ">
         <marc:subfield code="6">250-03/r</marc:subfield>
         <marc:subfield code="a">الطبعة 3.</marc:subfield>
      </marc:datafield>
      <marc:datafield tag="880" ind1=" " ind2=" ">
         <marc:subfield code="6">260-04/r</marc:subfield>
         <marc:subfield code="a">مصر :</marc:subfield>
         <marc:subfield code="b">شركة مكتبة ومطبعة مصطفى البابي الحلبي،</marc:subfield>
         <marc:subfield code="c">1954.</marc:subfield>
      </marc:datafield>
      <marc:datafield tag="880" ind1="1" ind2="0">
         <marc:subfield code="6">600-05/r</marc:subfield>
         <marc:subfield code="a">شاطبي، القاسم بن فره،</marc:subfield>
         <marc:subfield code="d">1144-1194.</marc:subfield>
         <marc:subfield code="t">حرز الاماني ووجه التهاني.</marc:subfield>
      </marc:datafield>
      <marc:datafield tag="880" ind1="1" ind2="0">
         <marc:subfield code="6">600-06/r</marc:subfield>
         <marc:subfield code="a">مقرئ، حسن خلف الحسيني.</marc:subfield>
         <marc:subfield code="t">نظم تحرير مسائل الشاطبية.</marc:subfield>
      </marc:datafield>
      <marc:datafield tag="880" ind1="1" ind2="2">
         <marc:subfield code="6">700-07/r</marc:subfield>
         <marc:subfield code="a">نوري الصفاقسي، علي بن محمد،</marc:subfield>
         <marc:subfield code="d">approximately 1643-1706.</marc:subfield>
         <marc:subfield code="t">غيث النفع في القراءات السبع.</marc:subfield>
      </marc:datafield>
      <marc:datafield tag="880" ind1="1" ind2=" ">
         <marc:subfield code="6">700-08/r</marc:subfield>
         <marc:subfield code="a">ضباع، علي محمد.</marc:subfield>
         <marc:subfield code="t">مختصر بلوغ الامنية.</marc:subfield>
      </marc:datafield>
      <marc:datafield tag="880" ind1="0" ind2=" ">
         <marc:subfield code="6">740-09/r</marc:subfield>
         <marc:subfield code="a">مختصر بلوغ الامنية.</marc:subfield>
      </marc:datafield>
      <marc:datafield tag="880" ind1="0" ind2=" ">
         <marc:subfield code="6">740-10/r</marc:subfield>
         <marc:subfield code="a">غيث النفع في القراءات السبع.</marc:subfield>
      </marc:datafield>
      <marc:datafield tag="998" ind1=" " ind2=" ">
         <marc:subfield code="a">01/07/91</marc:subfield>
         <marc:subfield code="s">9668</marc:subfield>
         <marc:subfield code="n">NjP</marc:subfield>
         <marc:subfield code="w">NJPG88B6234</marc:subfield>
         <marc:subfield code="d">02/05/88</marc:subfield>
         <marc:subfield code="c">JAB</marc:subfield>
         <marc:subfield code="b">JAB</marc:subfield>
         <marc:subfield code="i">910107</marc:subfield>
         <marc:subfield code="l">NJPG</marc:subfield>
      </marc:datafield>
      <marc:datafield tag="911" ind1=" " ind2=" ">
         <marc:subfield code="a">19921028</marc:subfield>
      </marc:datafield>
      <marc:datafield tag="912" ind1=" " ind2=" ">
         <marc:subfield code="a">19910107000000.0</marc:subfield>
      </marc:datafield>
      <marc:datafield tag="994" ind1=" " ind2=" ">
         <marc:subfield code="a">C0</marc:subfield>
         <marc:subfield code="b">PUL</marc:subfield>
      </marc:datafield>
      <marc:datafield tag="999" ind1=" " ind2=" ">
         <marc:subfield code="a">484474</marc:subfield>
      </marc:datafield>
   </marc:record>
</marc:collection>
